@misc{ciccotti2022molecular,
  title={Molecular simulations: past, present, and future (a Topical Issue in EPJB)},
  author={Ciccotti, G and Dellago, C and Ferrario, M and Hern{\'a}ndez, ER and Tuckerman, ME},
  journal={The European Physical Journal B},
  volume={95},
  number={1},
  pages={1--10},
  year={2022},
  publisher={Springer}
}

@article{izaguirre2004shadow,
  title={Shadow hybrid Monte Carlo: an efficient propagator in phase space of macromolecules},
  author={Izaguirre, Jes{\'u}s A and Hampton, Scott S},
  journal={Journal of Computational Physics},
  volume={200},
  number={2},
  pages={581--604},
  year={2004},
  publisher={Elsevier}
}

@article{duane1987hybrid,
  title={Hybrid monte carlo},
  author={Duane, Simon and Kennedy, Anthony D and Pendleton, Brian J and Roweth, Duncan},
  journal={Physics letters B},
  volume={195},
  number={2},
  pages={216--222},
  year={1987},
  publisher={Elsevier}
}
